@misc{electronapps,
  howpublished = "\url{https://www.electronjs.org/apps}",
}

@misc{electrondocs,
  howpublished = "\url{https://www.electronjs.org/docs/tutorial/introduction}",
}

@misc{materialize,
  howpublished = "\url{https://materializecss.com/}",
}

@misc{sigmajs,
  howpublished = "\url{http://sigmajs.org/}",
}

@misc{cityjson,
  howpublished = "\url{https://www.cityjson.org/datasets/}",
}

@misc{roba,
  howpublished = "\url{https://datatracker.ietf.org/doc/html/rfc7946}",
}

@misc{open,
  howpublished = "\url{https://github.com/ignacioarnaldo/OpenStreetMap2Graph}",
}

@misc{gexf,
  howpublished = "\url{https://gephi.org/gexf/format/}",
}

@misc{2021geo,
      title={Geometric Deep Learning: Grids, Groups, Graphs, Geodesics, and Gauges}, 
      author={Michael M. Bronstein and Joan Bruna and Taco Cohen and Petar Veličković},
      year={2021},
      eprint={2104.13478},
      archivePrefix={arXiv},
      primaryClass={cs.LG}
}

@INPROCEEDINGS{barcodes,
  author={Wu, Yu and Shindnes, Gabriel and Karve, Vaibhav and Yager, Derrek and Work, Daniel B. and Chakraborty, Arnab and Sowers, Richard B.},

  booktitle={2017 IEEE 20th International Conference on Intelligent Transportation Systems (ITSC)}, 

  title={Congestion barcodes: Exploring the topology of urban congestion using persistent homology}, 

  year={2017},

  volume={},

  number={},

  pages={1-6},

  doi={10.1109/ITSC.2017.8317777}
}
